<record><leader>00000cas a22000007a 4500</leader><controlfield tag="001">23124605</controlfield><controlfield tag="008">910220d19811985nyuwn ne      0    0eng d</controlfield><datafield ind1=" " ind2=" " tag="010"><subfield code="a">sn 91066161 </subfield></datafield><datafield ind1=" " ind2=" " tag="040"><subfield code="a">NYS</subfield><subfield code="b">eng</subfield><subfield code="c">NYS</subfield><subfield code="d">OCLCQ</subfield></datafield><datafield ind1=" " ind2=" " tag="042"><subfield code="a">msc</subfield></datafield><datafield ind1="0" ind2="4" tag="245"><subfield code="a">The Grapevine weekly magazine.</subfield></datafield><datafield ind1="3" ind2="0" tag="246"><subfield code="a">Grapevine weekly</subfield></datafield><datafield ind1=" " ind2=" " tag="260"><subfield code="a">Ithaca, N.Y. :</subfield><subfield code="b">Grapevine Press</subfield></datafield><datafield ind1=" " ind2=" " tag="300"><subfield code="a">v.</subfield></datafield><datafield ind1=" " ind2=" " tag="310"><subfield code="a">Weekly (50 issues per year)</subfield></datafield><datafield ind1="0" ind2=" " tag="362"><subfield code="a">Vol. 8, no. 41 (Oct. 22/28, 1981)-v. 12, no. 23 (June 20/26, 1985).</subfield></datafield><datafield ind1=" " ind2=" " tag="500"><subfield code="a">Published as: Grapevine weekly, Aug. 12/18-Sept. 2/8, 1982, and Sept. 16/22-Sept. 23/29, 1982.</subfield></datafield><datafield ind1=" " ind2="4" tag="651"><subfield code="a">Ithaca (N.Y.)</subfield><subfield code="v">Newspapers.</subfield></datafield><datafield ind1=" " ind2=" " tag="752"><subfield code="a">United States</subfield><subfield code="b">New York</subfield><subfield code="c">Tompkins</subfield><subfield code="d">Ithaca.</subfield></datafield><datafield ind1="0" ind2="0" tag="780"><subfield code="t">Grapevine weekly (Ithaca, N.Y. : 1979)</subfield><subfield code="w">(DLC)sn 91066160</subfield><subfield code="w">(OCoLC)23124449</subfield></datafield><datafield ind1="0" ind2="0" tag="785"><subfield code="t">Grapevine weekly (Ithaca, N.Y. : 1985)</subfield><subfield code="w">(DLC)sn 91066162</subfield><subfield code="w">(OCoLC)23124678</subfield></datafield><datafield ind1="1" ind2=" " tag="029"><subfield code="a">AU@</subfield><subfield code="b">000025904382</subfield></datafield></record>